@misc{FastWiFi,
  title = {WiFi optimization},
  howpublished = {\url{https://www.lancom-systems.de/blog/wlan-optimierung-schnelles-wlan/}},
  note = {Accessed: 2017-02-28}
}
@misc{IPv4Ex,
  title= {IPv4 exhaustion details},
  howpublished = {\url{https://www.apnic.net/community/ipv4-exhaustion/ipv4-exhaustion-details/}},
  note = {Accessed: 2017-05-12}
}
@misc{SDNAT,
  title= {NAT - Network Address Translation},
  howpublished = {\url{https://www.elektronik-kompendium.de/sites/net/0812111.htm}},
  note = {Accessed: 2017-12-05}
}
@misc{802.1Q,
  title = {802.1Q},
  howpublished = {\url{http://www.ieee802.org/1/pages/802.1Q-2014.html}},
  note = {Accessed: 2017-02-28}
}
@misc{CGN,
  title = {Carrier-grate NAT},
  howpublished = {\url{https://tools.ietf.org/html/rfc6598}},
  note = {Accessed: 2017-02-28}
}
@misc{NAT,
  title = {Network Address Translation},
  howpublished = {\url{https://tools.ietf.org/html/rfc2663}},
  note = {Accessed: 2017-02-28}
}
@misc{throttl,
  title = {The Local and Global Effects of Traffic Shaping in the Internet},
  author = {Massimiliano Marcon, Marcel Dischinger, Krishna P. Gummadi and Amin Vahdat},
  howpublished = {\url{https://people.mpi-sws.org/~gummadi/papers/traffic_shaping.pdf}},
  note = {Accessed: 2017-05-12}
}
@misc{IPMob,
  title = {IP Mobility},
  howpublished = {\url{https://tools.ietf.org/html/rfc3344}},
  note = {Accessed: 2017-02-28}
}
@misc{conntrack-tools,
  title = {Conntrack-tools},
  howpublished = {\url{http://conntrack-tools.netfilter.org/}},
  note = {Accessed: 2017-02-28}
}
@misc{TL-WR,
  title = {TL-WR841ND},
  howpublished = {\url{http://www.tp-link.de/products/details/cat-9\_TL-WR841ND.html}},
  note = {Accessed: 2017-02-28}
}
@misc{fritzbox,
  title = {Fritzbox-4020},
  howpublished = {\url{https://avm.de/produkte/fritzbox/fritzbox-4020/}},
  note = {Accessed: 2017-02-28}
}
@misc{MobileIP-Cisco,
  title = {Mobile IP Cisco},
  howpublished = {\url{http://www.cisco.com/c/en/us/td/docs/ios/solutions\_docs/mobile\_ip/mobil\_ip.html}},
  note = {Accessed: 2017-02-28}
}
@misc{MobileIP-Aruba,
  title = {ArubaOS 6.5.0.x User Guide},
  howpublished = {\url{https://support.arubanetworks.com/Documentation/tabid/77/DMXModule/512/Command/Core_Download/Default.aspx?EntryId=23671}},
  note = {Accessed: 2017-02-28}
}
@misc{cidr,
  title = {Classless Inter-domain Routing},
  howpublished = {\url{https://tools.ietf.org/html/rfc4632}},
  note = {Accessed: 2017-02-28}
}
@misc{hooks,
  title = {Netfilter Hooks},
  howpublished = {\url{https://wiki.nftables.org/wiki-nftables/index.php/Netfilter_hooks}},
  note = {Accessed: 2017-02-28}
}
@misc{celery,
  title = {Celery},
  howpublished = {\url{http://www.celeryproject.org/}},
  note = {Accessed: 2017-02-28}
}
@misc{rabbit,
  title = {RabbitMQ},
  howpublished = {\url{https://www.rabbitmq.com/}},
  note = {Accessed: 2017-02-28}
}
@misc{pf,
  title = {packet filter FreeBSD},
  howpublished = {\url{https://www.freebsd.org/doc/handbook/firewalls-pf.html}},
  note = {Accessed: 2017-02-28}
}
@misc{pfsync,
  title = {pfsync},
  howpublished = {\url{https://www.freebsd.org/cgi/man.cgi?query=pfsync}},
  note = {Accessed: 2017-02-28}
}
@misc{pfsense,
  title = {pfSense},
  howpublished = {\url{https://www.pfsense.org/}},
  note = {Accessed: 2017-02-28}
}
@misc{pfOpenBSDperf,
  title = {packet filter OpenBSD performance},
  howpublished = {\url{https://www.openbsd.org/faq/pf/perf.html}},
  note = {Accessed: 2017-02-28}
}
@misc{pfOpenBSD ,
  title = {packet filter OpenBSD},
  howpublished = {\url{https://www.openbsd.org/faq/pf/filter.html}},
  note = {Accessed: 2017-02-28}
}
@misc{iptables,
  title = {iptables},
  howpublished = {\url{https://www.netfilter.org/projects/iptables/index.html}},
  note = {Accessed: 2017-02-28}
}
@misc{nftables,
  title = {nftables},
  howpublished = {\url{https://www.netfilter.org/projects/nftables/index.html}},
  note = {Accessed: 2017-02-28}
}
@misc{nftables2,
  title = {nftables presentation},
  howpublished = {\url{http://people.netfilter.org/kaber/nfws2008/nftables.odp}},
  note = {Accessed: 2017-02-28}
}
@misc{nftables3,
  title = {nftables first release},
  howpublished = {\url{http://article.gmane.org/gmane.comp.security.firewalls.netfilter.devel/28922}},
  note = {Accessed: 2017-02-28}
}
@misc{netlink,
  title = {netlink},
  howpublished = {\url{http://man7.org/linux/man-pages/man7/netlink.7.html}},
  note = {Accessed: 2017-02-28}
}
@misc{conntrackSys,
  title = {Netfilters connection tracking system},
  howpublished = {\url{http://people.netfilter.org/pablo/docs/login.pdf}},
  note = {Accessed: 2017-02-28}
}
@misc{keepalived,
  title = {keepalived},
  howpublished = {\url{http://www.keepalived.org/}},
  note = {Accessed: 2017-02-28}
}
@misc{vrrp,
  title = {Virtual Router Redundancy Protocol},
  howpublished = {\url{https://tools.ietf.org/html/rfc5798}},
  note = {Accessed: 2017-02-28}
}
@misc{iperf,
  title = {iPerf},
  howpublished = {\url{https://iperf.fr/}},
  note = {Accessed: 2017-02-28}
}
@misc{nping,
  title = {nping},
  howpublished = {\url{https://nmap.org/nping/}},
  note = {Accessed: 2017-02-28}
}
@misc{nmap,
  title = {nmap},
  howpublished = {\url{https://nmap.org}},
  note = {Accessed: 2017-02-28}
}
@misc{ping,
  title = {ping},
  howpublished = {\url{https://linux.die.net/man/8/ping}},
  note = {Accessed: 2017-02-28}
}
@misc{collectl,
  title = {collectl},
  howpublished = {\url{http://collectl.sourceforge.net/}},
  note = {Accessed: 2017-02-28}
}










